<?xml version="1.0" encoding="UTF-8"?><collection xmlns="http://www.loc.gov/MARC21/slim"><record><leader>00496nam--2200157-i-4500</leader><controlfield tag="001">000038432</controlfield><controlfield tag="002">20161230</controlfield><controlfield tag="005">20170128191555</controlfield><controlfield tag="008">060222s1000------------r-----000-0-eng-d</controlfield><datafield ind1=" " ind2=" " tag="080"><subfield code="a">621.375.826:621.385</subfield></datafield><datafield ind1=" " ind2=" " tag="245"><subfield code="a">Record of the IEEE 9th annual symposium on electron, ion and laser beam technology, Berkely, 9-11 mkai 1967</subfield></datafield><datafield ind1=" " ind2=" " tag="260"><subfield code="a">San Francisco, Calif</subfield><subfield code="b">San Francisco Press, Inc</subfield><subfield code="c">1967</subfield></datafield><datafield ind1=" " ind2=" " tag="300"><subfield code="a">VI + 440 p</subfield></datafield><datafield ind1=" " ind2=" " tag="700"><subfield code="a">Pease, R. F. W</subfield></datafield><datafield ind1=" " ind2=" " tag="852"><subfield code="a">28730</subfield></datafield><datafield ind1=" " ind2=" " tag="CAT"><subfield code="a">SYS</subfield><subfield code="c">20170128</subfield><subfield code="h">191555</subfield></datafield></record></collection>